101 231380104 0313000122510161742A094101Federal Reserve Bank   My Bank Name                   
5225Name on Account                     031300012 CCDVndr Pay        251017   1031300010000001
627231380104744-5678-99      0000500000TAXPAYER123*202Best Co. #1           S 1031300010000001
705TXP*123456789*FEDERAL*20231231*TAX2023Q4*500000*****VERIFIED\                   00010000001
82250000020023138010000000500000000000000000031300012                          031300010000001
9000001000001000000020023138010000000500000000000000000                                       
9999999999999999999999999999999999999999999999999999999999999999999999999999999999999999999999
9999999999999999999999999999999999999999999999999999999999999999999999999999999999999999999999
9999999999999999999999999999999999999999999999999999999999999999999999999999999999999999999999
9999999999999999999999999999999999999999999999999999999999999999999999999999999999999999999999
