101 231380104 1210428821806070000A094101Federal Reserve Bank   My Bank Name                   
5225Originator                          121042882 POPACH POP         180608   1121042880000001
62723138010412345678         0000250500123456   PHILPAWade Arnold             0121042880000001
82250000010023138010000000250500000000000000121042882                          121042880000001
9000001000001000000010023138010000000250500000000000000                                       
9999999999999999999999999999999999999999999999999999999999999999999999999999999999999999999999
9999999999999999999999999999999999999999999999999999999999999999999999999999999999999999999999
9999999999999999999999999999999999999999999999999999999999999999999999999999999999999999999999
9999999999999999999999999999999999999999999999999999999999999999999999999999999999999999999999
9999999999999999999999999999999999999999999999999999999999999999999999999999999999999999999999