101 ********* *******************A094101********************   ************                   
5225***************                     ********* PPD**********      ******   1********0000009
627*****************         0999999999               *********************   0***************
82250000010099999999000999999999000000000009*********                          ********0000009
9000001000001000000010099999999000999999999000000000009                                       
9999999999999999999999999999999999999999999999999999999999999999999999999999999999999999999999
9999999999999999999999999999999999999999999999999999999999999999999999999999999999999999999999
9999999999999999999999999999999999999999999999999999999999999999999999999999999999999999999999
9999999999999999999999999999999999999999999999999999999999999999999999999999999999999999999999
9999999999999999999999999999999999999999999999999999999999999999999999999999999999999999999999
