101 231380104 1210428821805310000A094101Federal Reserve Bank   My Bank Name                   
5225Name on Account                     121042882 RCKREDEPCHECK      180601   1121042880000001
62723138010412345678         0000002400123123123      Wade Arnold             0121042880000001
82250000010023138010000000002400000000000000121042882                          121042880000001
9000001000001000000010023138010000000002400000000000000                                       
9999999999999999999999999999999999999999999999999999999999999999999999999999999999999999999999
9999999999999999999999999999999999999999999999999999999999999999999999999999999999999999999999
9999999999999999999999999999999999999999999999999999999999999999999999999999999999999999999999
9999999999999999999999999999999999999999999999999999999999999999999999999999999999999999999999
9999999999999999999999999999999999999999999999999999999999999999999999999999999999999999999999
