101 231380104 1210428821811260000A094101Federal Reserve Bank   My Bank Name                   
5225Name on Account                     121042882 CTXACH CTX         181127   1121042880000001
62723138010412345678         010000000045689033       0002Receiver Company  011121042880000001
705Debit First Account                                                             00010000001
705Debit Second Account                                                            00020000001
82250000030023138010000100000000000000000000121042882                          121042880000001
9000001000001000000030023138010000100000000000000000000                                       
9999999999999999999999999999999999999999999999999999999999999999999999999999999999999999999999
9999999999999999999999999999999999999999999999999999999999999999999999999999999999999999999999
9999999999999999999999999999999999999999999999999999999999999999999999999999999999999999999999