101 031300012 2313801041810290000A094101Federal Reserve Bank   My Bank Name                   
5220Name on Account                     231380104 ACKVndr Pay        181030   1231380100000001
624031300012744-5678-99      0000000000031300010000001Best. #1                0231380100000001
624031300012744-5678-99      0000000000031300010000002Best. #1                0231380100000002
82200000020006260002000000000000000000000000231380104                          231380100000001
9000001000001000000020006260002000000000000000000000000                                       
9999999999999999999999999999999999999999999999999999999999999999999999999999999999999999999999
9999999999999999999999999999999999999999999999999999999999999999999999999999999999999999999999
9999999999999999999999999999999999999999999999999999999999999999999999999999999999999999999999
9999999999999999999999999999999999999999999999999999999999999999999999999999999999999999999999