101 231380104 1210428821812060000A094101Receiver Bank Name     My Bank Name                   
5225Name on Account                     121042882 TELPayment         181207   1121042880000001
62723138010412345678         0000050000               Receiver Account Name   0121042880000001
82250000010023138010000000050000000000000000121042882                          121042880000001
9000001000001000000010023138010000000050000000000000000                                       
9999999999999999999999999999999999999999999999999999999999999999999999999999999999999999999999
9999999999999999999999999999999999999999999999999999999999999999999999999999999999999999999999
9999999999999999999999999999999999999999999999999999999999999999999999999999999999999999999999
9999999999999999999999999999999999999999999999999999999999999999999999999999999999999999999999
9999999999999999999999999999999999999999999999999999999999999999999999999999999999999999999999