101 231380104 1210428821810110000A094101Federal Reserve Bank   My Bank Name                   
5220Name on Account                     121042882 WEBSubscribe       181012   1121042880000001
62223138010412345678         0000010000#789654        Wade Arnold           S 1121042880000001
705PAY-GATE payment                                                                00010000001
62223138010481967038518      0000000799#123456        Wade Arnold           R 1121042880000002
705Monthly Membership Subscription                                                 00010000002
82200000040046276020000000000000000000010799121042882                          121042880000001
9000001000001000000040046276020000000000000000000010799                                       
9999999999999999999999999999999999999999999999999999999999999999999999999999999999999999999999
9999999999999999999999999999999999999999999999999999999999999999999999999999999999999999999999