101 04200001302313801041108052100A094101US BANK NA             EXAMPLE COMPANY                
5225EXAMPLE COMPANY                     0231380104PPDBUY WIDGET110808110808   1042000010000001
627021200025998412345        0000027000A271           JULIAN PRICE            0042000010000001
627021200025998412345        0000062000A272           SYDNEY BUTLER           0042000010000002
627021200025998412345        0000209000A273           KEVIN CASTILLO          0042000010000003
627021200025998412345        0000139000A274           ELIZABETH PATTERSON     0042000010000004
627021200025998412345        0000118000A275           MORGAN WALKER           0042000010000005
627021200025998412345        0000206000A278           JULIA LYNCH             0042000010000006
627021200025998412345        0000206000A279           JULIA LYNCH             0042000010000007
627021200025998412345        0000122000A280           ALLISON COLE            0042000010000008
627021200025998412345        0000122000A281           ALLISON COLE            0042000010000009
627021200025998412345        0000170000A282           BROOKLYN MURPHY         0042000010000010
627021200025998412345        0000170000A283           BROOKLYN MURPHY         0042000010000011
627021200025998412345        0000250000A284           DANIEL FOSTER           0042000010000012
627021200025998412345        0000250000A285           DANIEL FOSTER           0042000010000013
627021200025998412345        0000262000A286           LUKE CRAIG              0042000010000014
627021200025998412345        0000262000A287           LUKE CRAIG              0042000010000015
627021200025998412345        0000242000A288           LILLIAN JENSEN          0042000010000016
627021200025998412345        0000242000A289           LILLIAN JENSEN          0042000010000017
627021200025998412345        0000087000A290           CHRISTIAN COX           0042000010000018
627021200025998412345        0000150000A291           BRYAN HORTON            0042000010000019
627021200025998412345        0000237000A292           CARLOS COOK             0042000010000020
627021200025998412345        0000237000A294           AUSTIN WATTS            0042000010000021
627021200025998412345        0000219000A295           ALEXANDER ERRY          0042000010000022
627021200025998412345        0000255000A296           RYAN FLETCHER           0042000010000023
627021200025998412345        0000149000A297           PAYTON MCCOY            0042000010000024
627021200025998412345        0000217000A298           DESTINY COLEMAN         0042000010000025
822500002500530000500000046100000000000000000231380104                         042000010000001
5220EXAMPLE COMPANY                     0231380104PPDVERIFY    110808110808   1042000010000003
622021200025998412345        0000000008A251           NATHAN NELSON           0042000010000001
622021200025998412345        0000000010A252           NATHAN NELSON           0042000010000002
622021200025998412345        0000000002A253           CHARLES REYES           0042000010000003
622021200025998412345        0000000012A254           CHARLES REYES           0042000010000004
622021200025998412345        0000000002A255           SAMANTHA BYRD           0042000010000005
622021200025998412345        0000000011A256           SAMANTHA BYRD           0042000010000006
622021200025998412345        0000000013A259           JOSEPH RUSSELL          0042000010000007
622021200025998412345        0000000004A260           JOSEPH RUSSELL          0042000010000008
622021200025998412345        0000000009A261           CHASE BATES             0042000010000009
622021200025998412345        0000000005A262           CHASE BATES             0042000010000010
622021200025998412345        0000000019A263           HANNAH LEWIS            0042000010000011
622021200025998412345        0000000015A264           HANNAH LEWIS            0042000010000012
622021200025998412345        0000000006A265           MICHAEL GARZA           0042000010000013
622021200025998412345        0000000015A266           MICHAEL GARZA           0042000010000014
622021200025998412345        0000000014A267           WILLIAM HUDSON          0042000010000015
622021200025998412345        0000000009A268           WILLIAM HUDSON          0042000010000016
622021200025998412345        0000000013A269           JOSHUA OBRIEN           0042000010000017
622021200025998412345        0000000009A270           JOSHUA OBRIEN           0042000010000018
822000001800381600360000000000000000000001760231380104                         042000010000003
5225ABC INC         FV3               CA0231380104IATBUY WIDGETUSDCAD110808   1042000010000004
6270910502340007             0000109000998412345                              1042000010000001
710WEB000000000000000000                      HAYDEN BANKS                             0000001
711EXAMPLE COMPANY                    123 EASY STREET                                  0000001
712ANYTOWN*KS\                        US*12345\                                        0000001
713U.S. BANK                          0104200001                          US           0000001
714CENTRAL                            01021200025                         CA           0000001
715A276           PO Box 190                                                           0000001
716Metropolis*ON\                     CA*01234\                                        0000001
6270910502340007             0000109000998412345                              1042000010000002
710WEB000000000000000000                      HAYDEN BANKS                             0000002
711EXAMPLE COMPANY                    123 EASY STREET                                  0000002
712ANYTOWN*KS\                        US*12345\                                        0000002
713U.S. BANK                          0104200001                          US           0000002
714CENTRAL                            01021200025                         CA           0000002
715A277           PO Box 190                                                           0000002
716Metropolis*ON\                     CA*01234\                                        0000002
6270910502340007             0000273000998412345                              1042000010000003
710WEB000000000000000000                      MADISON ROSS                             0000003
711EXAMPLE COMPANY                    123 EASY STREET                                  0000003
712ANYTOWN*KS\                        US*12345\                                        0000003
713U.S. BANK                          0104200001                          US           0000003
714CENTRAL                            01021200025                         CA           0000003
715A293           PO Box 740                                                           0000003
716Metropolis*ON\                     CA*01234\                                        0000003
822500002400273150690000004910000000000000000231380104                         042000010000004
5220                FV3               CA0231380104IATVERIFY    USDCAD110808   1042000010000005
6220910502340007             0000000018998412345                              1042000010000001
710WEB000000000000000000                      AIDAN BANKS                              0000001
711EXAMPLE COMPANY                    123 EASY STREET                                  0000001
712ANYTOWN*KS\                        US*12345\                                        0000001
713U.S. BANK                          0104200001                          US           0000001
714CENTRAL                            01021200025                         CA           0000001
715A257           PO Box 160                                                           0000001
716Metropolis*ON\                     CA*01234\                                        0000001
6220910502340007             0000000006998412345                              1042000010000002
710WEB000000000000000000                      AIDAN BANKS                              0000002
711EXAMPLE COMPANY                    123 EASY STREET                                  0000002
712ANYTOWN*KS\                        US*12345\                                        0000002
713U.S. BANK                          0104200001                          US           0000002
714CENTRAL                            01021200025                         CA           0000002
715A258           PO Box 160                                                           0000002
716Metropolis*ON\                     CA*01234\                                        0000002
822000001600182100460000000000000000000000240231380104                         042000010000005
9000005000010000000830136685201000005101000000000000200000000000000000000000000000000000000000
