101 031300012 2313801041807160000A094101Federal Reserve Bank   My Bank Name                   
5220                FF3               US231380104 IATTRADEPAYMTCADUSD010101   1231380100000001
6221210428820007             0000100000231380104                              1231380100000001
710ANN000000000000100000928383-23938          BEK Enterprises                          0000001
711BEK Solutions                      15 West Place Street                             0000001
712JacobsTown*PA\                     US*19305\                                        0000001
713Wells Fargo                        01121042882                         US           0000001
714Citadel Bank                       01231380104                         US           0000001
7159874654932139872121 Front Street                                                    0000001
716LetterTown*AB\                     CA*80014\                                        0000001
717This is an international payment                                                00010000001
717Transfer of money from one country to another                                   00020000001
718Bank of Germany                    01987987987654654                   DE       00010000001
718Bank of Spain                      01987987987123123                   ES       00020000001
718Bank of France                     01456456456987987                   FR       00030000001
718Bank of Turkey                     0112323138010410                    TR       00040000001
718Bank of United Kingdom             012313801040231380104023138010401234GB       00050000001
82200000150012104288000000000000000000100000                                   231380100000001
5220                FF3               US231380104 IATTRADEPAYMTCADUSD010101   1231380100000002
6271210428820007             0000002000231380104                              1231380100000001
710ANN000000000000100000928383-23938          BEK Enterprises                          0000001
711BEK Solutions                      15 West Place Street                             0000001
712JacobsTown*PA\                     US*19305\                                        0000001
713Wells Fargo                        01121042882                         US           0000001
714Citadel Bank                       01231380104                         US           0000001
7159874654932139872121 Front Street                                                    0000001
716LetterTown*AB\                     CA*80014\                                        0000001
717This is an international payment                                                00010000001
717Transfer of money from one country to another                                   00020000001
718Bank of Germany                    01987987987654654                   DE       00010000001
718Bank of Spain                      01987987987123123                   ES       00020000001
718Bank of France                     01456456456987987                   FR       00030000001
718Bank of Turkey                     0112323138010410                    TR       00040000001
718Bank of United Kingdom             012313801040231380104023138010401234GB       00050000001
82200000150012104288000000002000000000000000                                   231380100000002
9000002000004000000300024208576000000002000000000100000                                       
9999999999999999999999999999999999999999999999999999999999999999999999999999999999999999999999
9999999999999999999999999999999999999999999999999999999999999999999999999999999999999999999999
9999999999999999999999999999999999999999999999999999999999999999999999999999999999999999999999
9999999999999999999999999999999999999999999999999999999999999999999999999999999999999999999999