101 231380104 1210428821811130000A094101Federal Reserve Bank   My Bank Name                   
5280Company Name, In                    121042882 ADVAccounting      181114   0121042880000001
799R07099912340000015      09101298Authorization Revoked                       000000000000000
828000000200462760200000000000000025000000000000000000050000Company Name, Inc  121042880000001
90000010000010000000200462760200000000000000025000000000000000000050000                       
9999999999999999999999999999999999999999999999999999999999999999999999999999999999999999999999
9999999999999999999999999999999999999999999999999999999999999999999999999999999999999999999999
9999999999999999999999999999999999999999999999999999999999999999999999999999999999999999999999
9999999999999999999999999999999999999999999999999999999999999999999999999999999999999999999999