101 123456780 0610001462208061450A094101                       SimBank                        
5200SimFintech                          123123123 WEBHammerTime      220307   1364275030000001
621123456780122455799        0000001560               Bruce Wayne           S 1364275034310088
799R72123456780000069      75639218   7563921800000010670112345678000007021868 364275034310088
82000000020012345678000000000000000000001560123123123                          364275030000001
9000001000001000000020012345678000000000000000000001560                                       
9999999999999999999999999999999999999999999999999999999999999999999999999999999999999999999999
9999999999999999999999999999999999999999999999999999999999999999999999999999999999999999999999
9999999999999999999999999999999999999999999999999999999999999999999999999999999999999999999999
9999999999999999999999999999999999999999999999999999999999999999999999999999999999999999999999
