101 23138010401210428821909051357A094101Federal Reserve Bank   My Bank Name                   
5280Company Name, In                    121042882 ADVAccounting      190906   0121042880000001
681231380104744-5678-99    00000005000012104288211131 Name                    0011000010500001
681231380104744-5678-99    00000005000012104288211131 Name                    0011000010500002
681231380104744-5678-99    00000005000012104288211131 Name                    0011000010500003
828000000300694140300000000000000000000000000000000000150000Company Name, Inc  121042880000001
5280Company Name, In                    121042882 ADVAccounting      190906   0121042880000002
681231380104744-5678-99    00000005000012104288211131 Name                    0011000010500001
681231380104744-5678-99    00000005000012104288211131 Name                    0011000010500002
681231380104744-5678-99    00000005000012104288211131 Name                    0011000010500003
828000000300694140300000000000000000000000000000000000150000Company Name, Inc  121042880000002
5280Company Name, In                    121042882 ADVAccounting      190906   0121042880000003
681231380104744-5678-99    00000005000012104288211131 Name                    0011000010500001
681231380104744-5678-99    00000005000012104288211131 Name                    0011000010500002
681231380104744-5678-99    00000005000012104288211131 Name                    0011000010500003
828000000300694140300000000000000000000000000000000000150000Company Name, Inc  121042880000003
5280Company Name, In                    121042882 ADVAccounting      190906   0121042880000004
681231380104744-5678-99    00000005000012104288211131 Name                    0011000010500001
681231380104744-5678-99    00000005000012104288211131 Name                    0011000010500002
681231380104744-5678-99    00000005000012104288211131 Name                    0011000010500003
828000000300694140300000000000000000000000000000000000150000Company Name, Inc  121042880000004
90000040000030000001202776561200000000000000000000000000000000000600000                       
9999999999999999999999999999999999999999999999999999999999999999999999999999999999999999999999
9999999999999999999999999999999999999999999999999999999999999999999999999999999999999999999999
9999999999999999999999999999999999999999999999999999999999999999999999999999999999999999999999
9999999999999999999999999999999999999999999999999999999999999999999999999999999999999999999999
9999999999999999999999999999999999999999999999999999999999999999999999999999999999999999999999
9999999999999999999999999999999999999999999999999999999999999999999999999999999999999999999999
9999999999999999999999999999999999999999999999999999999999999999999999999999999999999999999999
9999999999999999999999999999999999999999999999999999999999999999999999999999999999999999999999