101 12104288202313801041909031530A094101Bank                   My Bank Name                   
5200                FF3               US123456789 IATTRADEPAYMTCADUSD190904   0231380100000001
6271210428820007             0000100000123456789                              1231380100000001
710ANN000000000000100000928383-23938          BEK Enterprises                          0000001
711BEK Solutions                      15 West Place Street                             0000001
712JacobsTown*PA\                     US*19305\                                        0000001
713Wells Fargo                        01231380104                         US           0000001
714Citadel Bank                       01121042882                         CA           0000001
7159874654932139872121 Front Street                                                    0000001
716LetterTown*AB\                     CA*80014\                                        0000001
717This is an international payment                                                00010000001
718Bank of France                     01456456456987987                   FR       00010000001
6271210428820007             0000100000123456789                              1231380100000002
710ANN000000000000100000928383-23938          BEK Enterprises                          0000002
711BEK Solutions                      15 West Place Street                             0000002
712JacobsTown*PA\                     US*19305\                                        0000002
713Wells Fargo                        01231380104                         US           0000002
714Citadel Bank                       01121042882                         CA           0000002
7159874654932139872121 Front Street                                                    0000002
716LetterTown*AB\                     CA*80014\                                        0000002
717This is an international payment                                                00010000002
718Bank of France                     01456456456987987                   FR       00010000002
6271210428820007             0000100000123456789                              1231380100000003
710ANN000000000000100000928383-23938          BEK Enterprises                          0000003
711BEK Solutions                      15 West Place Street                             0000003
712JacobsTown*PA\                     US*19305\                                        0000003
713Wells Fargo                        01231380104                         US           0000003
714Citadel Bank                       01121042882                         CA           0000003
7159874654932139872121 Front Street                                                    0000003
716LetterTown*AB\                     CA*80014\                                        0000003
717This is an international payment                                                00010000003
718Bank of France                     01456456456987987                   FR       00010000003
82000000300036312864000000300000000000000000                                   231380100000001
5200                FF3               US123456789 IATTRADEPAYMTCADUSD190904   0231380100000002
6271210428820007             0000100000123456789                              1231380100000001
710ANN000000000000100000928383-23938          BEK Enterprises                          0000001
711BEK Solutions                      15 West Place Street                             0000001
712JacobsTown*PA\                     US*19305\                                        0000001
713Wells Fargo                        01231380104                         US           0000001
714Citadel Bank                       01121042882                         CA           0000001
7159874654932139872121 Front Street                                                    0000001
716LetterTown*AB\                     CA*80014\                                        0000001
717This is an international payment                                                00010000001
718Bank of France                     01456456456987987                   FR       00010000001
6271210428820007             0000100000123456789                              1231380100000002
710ANN000000000000100000928383-23938          BEK Enterprises                          0000002
711BEK Solutions                      15 West Place Street                             0000002
712JacobsTown*PA\                     US*19305\                                        0000002
713Wells Fargo                        01231380104                         US           0000002
714Citadel Bank                       01121042882                         CA           0000002
7159874654932139872121 Front Street                                                    0000002
716LetterTown*AB\                     CA*80014\                                        0000002
717This is an international payment                                                00010000002
718Bank of France                     01456456456987987                   FR       00010000002
6271210428820007             0000100000123456789                              1231380100000003
710ANN000000000000100000928383-23938          BEK Enterprises                          0000003
711BEK Solutions                      15 West Place Street                             0000003
712JacobsTown*PA\                     US*19305\                                        0000003
713Wells Fargo                        01231380104                         US           0000003
714Citadel Bank                       01121042882                         CA           0000003
7159874654932139872121 Front Street                                                    0000003
716LetterTown*AB\                     CA*80014\                                        0000003
717This is an international payment                                                00010000003
718Bank of France                     01456456456987987                   FR       00010000003
82000000300036312864000000300000000000000000                                   231380100000002
5200                FF3               US123456789 IATTRADEPAYMTCADUSD190904   0231380100000003
6271210428820007             0000100000123456789                              1231380100000001
710ANN000000000000100000928383-23938          BEK Enterprises                          0000001
711BEK Solutions                      15 West Place Street                             0000001
712JacobsTown*PA\                     US*19305\                                        0000001
713Wells Fargo                        01231380104                         US           0000001
714Citadel Bank                       01121042882                         CA           0000001
7159874654932139872121 Front Street                                                    0000001
716LetterTown*AB\                     CA*80014\                                        0000001
717This is an international payment                                                00010000001
718Bank of France                     01456456456987987                   FR       00010000001
6271210428820007             0000100000123456789                              1231380100000002
710ANN000000000000100000928383-23938          BEK Enterprises                          0000002
711BEK Solutions                      15 West Place Street                             0000002
712JacobsTown*PA\                     US*19305\                                        0000002
713Wells Fargo                        01231380104                         US           0000002
714Citadel Bank                       01121042882                         CA           0000002
7159874654932139872121 Front Street                                                    0000002
716LetterTown*AB\                     CA*80014\                                        0000002
717This is an international payment                                                00010000002
718Bank of France                     01456456456987987                   FR       00010000002
6271210428820007             0000100000123456789                              1231380100000003
710ANN000000000000100000928383-23938          BEK Enterprises                          0000003
711BEK Solutions                      15 West Place Street                             0000003
712JacobsTown*PA\                     US*19305\                                        0000003
713Wells Fargo                        01231380104                         US           0000003
714Citadel Bank                       01121042882                         CA           0000003
7159874654932139872121 Front Street                                                    0000003
716LetterTown*AB\                     CA*80014\                                        0000003
717This is an international payment                                                00010000003
718Bank of France                     01456456456987987                   FR       00010000003
82000000300036312864000000300000000000000000                                   231380100000003
5200                FF3               US123456789 IATTRADEPAYMTCADUSD190904   0231380100000004
6271210428820007             0000100000123456789                              1231380100000001
710ANN000000000000100000928383-23938          BEK Enterprises                          0000001
711BEK Solutions                      15 West Place Street                             0000001
712JacobsTown*PA\                     US*19305\                                        0000001
713Wells Fargo                        01231380104                         US           0000001
714Citadel Bank                       01121042882                         CA           0000001
7159874654932139872121 Front Street                                                    0000001
716LetterTown*AB\                     CA*80014\                                        0000001
717This is an international payment                                                00010000001
718Bank of France                     01456456456987987                   FR       00010000001
6271210428820007             0000100000123456789                              1231380100000002
710ANN000000000000100000928383-23938          BEK Enterprises                          0000002
711BEK Solutions                      15 West Place Street                             0000002
712JacobsTown*PA\                     US*19305\                                        0000002
713Wells Fargo                        01231380104                         US           0000002
714Citadel Bank                       01121042882                         CA           0000002
7159874654932139872121 Front Street                                                    0000002
716LetterTown*AB\                     CA*80014\                                        0000002
717This is an international payment                                                00010000002
718Bank of France                     01456456456987987                   FR       00010000002
6271210428820007             0000100000123456789                              1231380100000003
710ANN000000000000100000928383-23938          BEK Enterprises                          0000003
711BEK Solutions                      15 West Place Street                             0000003
712JacobsTown*PA\                     US*19305\                                        0000003
713Wells Fargo                        01231380104                         US           0000003
714Citadel Bank                       01121042882                         CA           0000003
7159874654932139872121 Front Street                                                    0000003
716LetterTown*AB\                     CA*80014\                                        0000003
717This is an international payment                                                00010000003
718Bank of France                     01456456456987987                   FR       00010000003
82000000300036312864000000300000000000000000                                   231380100000004
9000004000013000001200145251456000001200000000000000000                                       