101 23138010401210428821909051411A094101Federal Reserve Bank   My Bank Name                   
5280Company Name, In                    121042882 ADVAccounting      190906   0121042880000001
681231380104744-5678-99    00000005000112104288211131 Name                    0011000010500001
681231380104744-5678-99    00000005000212104288211131 Name                    0011000010500002
681231380104744-5678-99    00000005000312104288211131 Name                    0011000010500003
828000000300694140300000000000000000000000000000000000150006Company Name, Inc  121042880000001
5280Company Name, In                    121042882 ADVAccounting      190906   0121042880000002
681231380104744-5678-99    00000005000412104288211131 Name                    0011000010500001
681231380104744-5678-99    00000005000512104288211131 Name                    0011000010500002
681231380104744-5678-99    00000005000612104288211131 Name                    0011000010500003
828000000300694140300000000000000000000000000000000000150015Company Name, Inc  121042880000002
5280Company Incorpor                    121042882 ADVAccounting      190906   0031202080000003
681231380104744-5678-99    00000005000703120208411135 Name                    0011000010500001
681231380104744-5678-99    00000005000803120208411135 Name                    0011000010500002
681231380104744-5678-99    00000005000903120208411135 Name                    0011000010500003
828000000300694140300000000000000000000000000000000000150024Company Incorporate031202080000003
5280Company Incorpor                    121042882 ADVAccounting      190906   0031202080000004
681231380104744-5678-99    00000005001003120208411135 Name                    0011000010500001
681231380104744-5678-99    00000005001103120208411135 Name                    0011000010500002
681231380104744-5678-99    00000005001203120208411135 Name                    0011000010500003
828000000300694140300000000000000000000000000000000000150033Company Incorporate031202080000004
90000040000030000001202776561200000000000000000000000000000000000600000                       
9999999999999999999999999999999999999999999999999999999999999999999999999999999999999999999999
9999999999999999999999999999999999999999999999999999999999999999999999999999999999999999999999
9999999999999999999999999999999999999999999999999999999999999999999999999999999999999999999999
9999999999999999999999999999999999999999999999999999999999999999999999999999999999999999999999
9999999999999999999999999999999999999999999999999999999999999999999999999999999999999999999999
9999999999999999999999999999999999999999999999999999999999999999999999999999999999999999999999
9999999999999999999999999999999999999999999999999999999999999999999999999999999999999999999999
9999999999999999999999999999999999999999999999999999999999999999999999999999999999999999999999
