101 23138010401210428821908261725A094101Citadel                Wells Fargo                    
5200Wells Fargo                         121042882 PPDTrans. Des      190827   1121042880000001
62223138010481967038518      0000100000#83738AB#      Steven Tander           1121042880000001
705bonus pay for amazing work on #OSS                                              00010000001
62223138010481967038518      0000100000#83738AB#      Steven Tander           1121042880000002
705bonus pay for amazing work on #OSS                                              00010000002
62223138010481967038518      0000100000#83738AB#      Steven Tander           1121042880000003
705bonus pay for amazing work on #OSS                                              00010000003
82000000060069414030000000000000000000300000121042882                          121042880000001
5200Wells Fargo                         121042882 PPDTrans. Des      190827   1121042880000002
62223138010481967038518      0000100000#83738AB#      Steven Tander           1121042880000001
705bonus pay for amazing work on #OSS                                              00010000001
62223138010481967038518      0000100000#83738AB#      Steven Tander           1121042880000002
705bonus pay for amazing work on #OSS                                              00010000002
62223138010481967038518      0000100000#83738AB#      Steven Tander           1121042880000003
705bonus pay for amazing work on #OSS                                              00010000003
82000000060069414030000000000000000000300000121042882                          121042880000002
5200Wells Fargo                         121042882 PPDTrans. Des      190827   1121042880000003
62223138010481967038518      0000100000#83738AB#      Steven Tander           1121042880000001
705bonus pay for amazing work on #OSS                                              00010000001
62223138010481967038518      0000100000#83738AB#      Steven Tander           1121042880000002
705bonus pay for amazing work on #OSS                                              00010000002
62223138010481967038518      0000100000#83738AB#      Steven Tander           1121042880000003
705bonus pay for amazing work on #OSS                                              00010000003
82000000060069414030000000000000000000300000121042882                          121042880000003
5200Wells Fargo                         121042882 PPDTrans. Des      190827   1121042880000004
62223138010481967038518      0000100000#83738AB#      Steven Tander           1121042880000001
705bonus pay for amazing work on #OSS                                              00010000001
62223138010481967038518      0000100000#83738AB#      Steven Tander           1121042880000002
705bonus pay for amazing work on #OSS                                              00010000002
62223138010481967038518      0000100000#83738AB#      Steven Tander           1121042880000003
705bonus pay for amazing work on #OSS                                              00010000003
82000000060069414030000000000000000000300000121042882                          121042880000004
9000004000004000000240277656120000000000000000001200000                                       
9999999999999999999999999999999999999999999999999999999999999999999999999999999999999999999999
9999999999999999999999999999999999999999999999999999999999999999999999999999999999999999999999
9999999999999999999999999999999999999999999999999999999999999999999999999999999999999999999999
9999999999999999999999999999999999999999999999999999999999999999999999999999999999999999999999
9999999999999999999999999999999999999999999999999999999999999999999999999999999999999999999999
9999999999999999999999999999999999999999999999999999999999999999999999999999999999999999999999
