101 121042882 2313801041909051150A094101Bank                   My Bank Name                   
5200                FF3               US123456789 IATTRADEPAYMTCADUSD190906   0231380100000001
6271210428820007             0000100000123456789                              1231380100000001
710ANN000000000000100000928383-23938          BEK Enterprises                          0000001
711BEK Solutions                      15 West Place Street                             0000001
712JacobsTown*PA\                     US*19305\                                        0000001
713Wells Fargo                        01231380104                         US           0000001
714Citadel Bank                       01121042882                         CA           0000001
7159874654932139872121 Front Street                                                    0000001
716LetterTown*AB\                     CA*80014\                                        0000001
717This is an international payment                                                00010000001
718Bank of France                     01456456456987987                   FR       00010000001
6271210428820007             0000100000123456789                              1231380100000002
710ANN000000000000100000928383-23938          BEK Enterprises                          0000002
711BEK Solutions                      15 West Place Street                             0000002
712JacobsTown*PA\                     US*19305\                                        0000002
713Wells Fargo                        01231380104                         US           0000002
714Citadel Bank                       01121042882                         CA           0000002
7159874654932139872121 Front Street                                                    0000002
716LetterTown*AB\                     CA*80014\                                        0000002
717This is an international payment                                                00010000002
718Bank of France                     01456456456987987                   FR       00010000002
6271210428820007             0000100000123456789                              1231380100000003
710ANN000000000000100000928383-23938          BEK Enterprises                          0000003
711BEK Solutions                      15 West Place Street                             0000003
712JacobsTown*PA\                     US*19305\                                        0000003
713Wells Fargo                        01231380104                         US           0000003
714Citadel Bank                       01121042882                         CA           0000003
7159874654932139872121 Front Street                                                    0000003
716LetterTown*AB\                     CA*80014\                                        0000003
717This is an international payment                                                00010000003
718Bank of France                     01456456456987987                   FR       00010000003
82000000300036312864000000300000000000000000                                   231380100000001
5200                FF3               US123456789 IATTRADEPAYMTCADUSD190906   0231380100000002
6271210428820007             0000100000123456789                              1231380100000004
710ANN000000000000100000928383-23938          BEK Enterprises                          0000004
711BEK Solutions                      15 West Place Street                             0000004
712JacobsTown*PA\                     US*19305\                                        0000004
713Wells Fargo                        01231380104                         US           0000004
714Citadel Bank                       01121042882                         CA           0000004
7159874654932139872121 Front Street                                                    0000004
716LetterTown*AB\                     CA*80014\                                        0000004
717This is an international payment                                                00010000004
718Bank of France                     01456456456987987                   FR       00010000004
6271210428820007             0000100000123456789                              1231380100000005
710ANN000000000000100000928383-23938          BEK Enterprises                          0000005
711BEK Solutions                      15 West Place Street                             0000005
712JacobsTown*PA\                     US*19305\                                        0000005
713Wells Fargo                        01231380104                         US           0000005
714Citadel Bank                       01121042882                         CA           0000005
7159874654932139872121 Front Street                                                    0000005
716LetterTown*AB\                     CA*80014\                                        0000005
717This is an international payment                                                00010000005
718Bank of France                     01456456456987987                   FR       00010000005
6271210428820007             0000100000123456789                              1231380100000006
710ANN000000000000100000928383-23938          BEK Enterprises                          0000006
711BEK Solutions                      15 West Place Street                             0000006
712JacobsTown*PA\                     US*19305\                                        0000006
713Wells Fargo                        01231380104                         US           0000006
714Citadel Bank                       01121042882                         CA           0000006
7159874654932139872121 Front Street                                                    0000006
716LetterTown*AB\                     CA*80014\                                        0000006
717This is an international payment                                                00010000006
718Bank of France                     01456456456987987                   FR       00010000006
82000000300036312864000000300000000000000000                                   231380100000002
5200                FF3               US987654321 IATPAYMENT   CADUSD190906   0231380100000003
6271210428820007             0000100000123456789                              1231380100000007
710ANN000000000000100000928383-23938          BEK Enterprises                          0000007
711BEK Solutions                      15 West Place Street                             0000007
712JacobsTown*PA\                     US*19305\                                        0000007
713Wells Fargo                        01231380104                         US           0000007
714Citadel Bank                       01121042882                         CA           0000007
7159874654932139872121 Front Street                                                    0000007
716LetterTown*AB\                     CA*80014\                                        0000007
717This is an international payment                                                00010000007
718Bank of France                     01456456456987987                   FR       00010000007
6271210428820007             0000100000123456789                              1231380100000008
710ANN000000000000100000928383-23938          BEK Enterprises                          0000008
711BEK Solutions                      15 West Place Street                             0000008
712JacobsTown*PA\                     US*19305\                                        0000008
713Wells Fargo                        01231380104                         US           0000008
714Citadel Bank                       01121042882                         CA           0000008
7159874654932139872121 Front Street                                                    0000008
716LetterTown*AB\                     CA*80014\                                        0000008
717This is an international payment                                                00010000008
718Bank of France                     01456456456987987                   FR       00010000008
6271210428820007             0000100000123456789                              1231380100000009
710ANN000000000000100000928383-23938          BEK Enterprises                          0000009
711BEK Solutions                      15 West Place Street                             0000009
712JacobsTown*PA\                     US*19305\                                        0000009
713Wells Fargo                        01231380104                         US           0000009
714Citadel Bank                       01121042882                         CA           0000009
7159874654932139872121 Front Street                                                    0000009
716LetterTown*AB\                     CA*80014\                                        0000009
717This is an international payment                                                00010000009
718Bank of France                     01456456456987987                   FR       00010000009
82000000300036312864000000300000000000000000                                   231380100000003
5200                FF3               US987654321 IATPAYMENT   CADUSD190906   0231380100000004
6271210428820007             0000100000123456789                              1231380100000010
710ANN000000000000100000928383-23938          BEK Enterprises                          0000010
711BEK Solutions                      15 West Place Street                             0000010
712JacobsTown*PA\                     US*19305\                                        0000010
713Wells Fargo                        01231380104                         US           0000010
714Citadel Bank                       01121042882                         CA           0000010
7159874654932139872121 Front Street                                                    0000010
716LetterTown*AB\                     CA*80014\                                        0000010
717This is an international payment                                                00010000010
718Bank of France                     01456456456987987                   FR       00010000010
6271210428820007             0000100000123456789                              1231380100000011
710ANN000000000000100000928383-23938          BEK Enterprises                          0000011
711BEK Solutions                      15 West Place Street                             0000011
712JacobsTown*PA\                     US*19305\                                        0000011
713Wells Fargo                        01231380104                         US           0000011
714Citadel Bank                       01121042882                         CA           0000011
7159874654932139872121 Front Street                                                    0000011
716LetterTown*AB\                     CA*80014\                                        0000011
717This is an international payment                                                00010000011
718Bank of France                     01456456456987987                   FR       00010000011
6271210428820007             0000100000123456789                              1231380100000012
710ANN000000000000100000928383-23938          BEK Enterprises                          0000012
711BEK Solutions                      15 West Place Street                             0000012
712JacobsTown*PA\                     US*19305\                                        0000012
713Wells Fargo                        01231380104                         US           0000012
714Citadel Bank                       01121042882                         CA           0000012
7159874654932139872121 Front Street                                                    0000012
716LetterTown*AB\                     CA*80014\                                        0000012
717This is an international payment                                                00010000012
718Bank of France                     01456456456987987                   FR       00010000012
82000000300036312864000000300000000000000000                                   231380100000004
9000004000013000001200145251456000001200000000000000000                                       
