101 231380104 1210428821906240000A094101Federal Reserve Bank   My Bank Name                   
5225Name on Account                     121042882 PPDREG.SALARY      190625   1121042880000001
64723138010412345678         0100000000               Receiver Account Name   0121042880000001
82250000010023138010000100000000000000000000121042882                          121042880000001
9000001000001000000010023138010000100000000000000000000                                       
9999999999999999999999999999999999999999999999999999999999999999999999999999999999999999999999
9999999999999999999999999999999999999999999999999999999999999999999999999999999999999999999999
9999999999999999999999999999999999999999999999999999999999999999999999999999999999999999999999
9999999999999999999999999999999999999999999999999999999999999999999999999999999999999999999999
9999999999999999999999999999999999999999999999999999999999999999999999999999999999999999999999

