101 231380104 1210428821901160000A094101Federal Reserve Bank   My Bank Name                   
5220                FF3               US123456789 IATTRADEPAYMTCADUSD000000   1231380100000001
6221210428820007             0000100000123456789                              1231380100000001
710ANN000000000000100000928383-23938          BEK Enterprises                          0000001
711BEK Solutions                      15 West Place Street                             0000001
712JacobsTown*PA\                     US*19305\                                        0000001
713Wells Fargo                        01121042882                         US           0000001
714Citadel Bank                       01231380104                         US           0000001
7159874654932139872121 Front Street                                                    0000001
716LetterTown*AB\                     CA*80014\                                        0000001
799R96231380100000001      121042880000100000Authorization Revoked             000000000000000
82200000090012104288000000000000000000100000                                   231380100000001
9000001000002000000090012104288000000000000000000100000                                       
9999999999999999999999999999999999999999999999999999999999999999999999999999999999999999999999
9999999999999999999999999999999999999999999999999999999999999999999999999999999999999999999999
9999999999999999999999999999999999999999999999999999999999999999999999999999999999999999999999
9999999999999999999999999999999999999999999999999999999999999999999999999999999999999999999999
9999999999999999999999999999999999999999999999999999999999999999999999999999999999999999999999
9999999999999999999999999999999999999999999999999999999999999999999999999999999999999999999999
9999999999999999999999999999999999999999999999999999999999999999999999999999999999999999999999