101 12104288202313801041908071540A094101Bank                   My Bank Name                   
5200                FF3               US123456789 IATTRADEPAYMTCADUSD190808   0231380100000001
6271210428820007             0000100000123456789                              1231380100000001
710ANN000000000000100000928383-23938          BEK Enterprises                          0000001
711BEK Solutions                      15 West Place Street                             0000001
712JacobsTown*PA\                     US*19305\                                        0000001
713Wells Fargo                        01231380104                         US           0000001
714Citadel Bank                       01121042882                         CA           0000001
7159874654932139872121 Front Street                                                    0000001
716LetterTown*AB\                     CA*80014\                                        0000001
717This is an international payment                                                00020000001
717This is an international payment                                                00020000001
718Bank of Fr`nce                     01456456456987987                   FR       00010000001
6221210428820007             0000100000123456789                              1231380100000002
710ANN000000000000100000928383-23938          ADCAF Enterprises                        0000002
711ADCAF Solutions                    15 West Place Street                             0000002
712JacobsTown*PA\                     US*19305\                                        0000002
713Wells Fargo                        01231380104                         US           0000002
714Citadel Bank                       01121042882                         CA           0000002
71598746549321398718 Fifth Street                                                      0000002
716LetterTown*AB\                     CA*80014\                                        0000002
718Bank of Fr`nce                     01456456456987987                   FR       00010000002
82000000200024208576000000100000000000100000                                   231380100000001
9000001000003000000200024208576000000100000000000100000                                       
9999999999999999999999999999999999999999999999999999999999999999999999999999999999999999999999
9999999999999999999999999999999999999999999999999999999999999999999999999999999999999999999999
9999999999999999999999999999999999999999999999999999999999999999999999999999999999999999999999
9999999999999999999999999999999999999999999999999999999999999999999999999999999999999999999999
9999999999999999999999999999999999999999999999999999999999999999999999999999999999999999999999
9999999999999999999999999999999999999999999999999999999999999999999999999999999999999999999999