101 987654321 1234567891807130000A094101Federal Reserve Bank   My Bank Name                   
5220                FF3               US123456789 IATTRADEPAYMTCADUSD010101   1231380100000001
6221210428820007             0000100000123456789                              1231380100000001
710BIL000000000000100000928383-23938          BEK Enterprises                          0000001
711BEK Solutions                      15 West Place Street                             0000001
712JacobsTown*PA\                     US19305\                                         0000001
713Wells Fargo                        01121042882                         US           0000001
714Citadel Bank                       01231380104                         US           0000001
7159874654932139872121 Front Street                                                    0000001
716LetterTown*AB\                     CA*80014\                                        0000001
82200000080012104288000000000000000000100000                                   231380100000001
5220                FF3               US123456789 IATTRADEPAYMTCADUSD010101   1231380100000002
6271210428820007             0000002000123456789                              1231380100000001
710ANN000000000000100000928383-23938          BEK Enterprises                          0000001
711BEK Solutions                      15 West Place Street                             0000001
712JacobsTown*PA\                     US19305\                                         0000001
713Wells Fargo                        01121042882                         US           0000001
714Citadel Bank                       01231380104                         US           0000001
7159874654932139872121 Front Street                                                    0000001
716LetterTown*AB\                     CA*80014\                                        0000001
82200000080012104288000000002000000000000000                                   231380100000002
9000002000003000000160024208576000000002000000000100000
9999999999999999999999999999999999999999999999999999999999999999999999999999999999999999999999
9999999999999999999999999999999999999999999999999999999999999999999999999999999999999999999999
9999999999999999999999999999999999999999999999999999999999999999999999999999999999999999999999
9999999999999999999999999999999999999999999999999999999999999999999999999999999999999999999999
9999999999999999999999999999999999999999999999999999999999999999999999999999999999999999999999
9999999999999999999999999999999999999999999999999999999999999999999999999999999999999999999999
9999999999999999999999999999999999999999999999999999999999999999999999999999999999999999999999
9999999999999999999999999999999999999999999999999999999999999999999999999999999999999999999999