101 121042882 12104288220032415591094101Moov Bank              Moov, Inc                      
5200Moov - paygate m                    001       PPDMoov, Inc 200324200325   1121042880000001
632121042882322580734        0000000044e681e50d1cc83dcDistracted Austin     Mo1121042886829038
705paygate transaction                                                             00016829038
632121042882322580734        0000000032e681e50d1cc83dcDistracted Austin     Mo1121042886829039
705paygate transaction                                                             00016829039
627121042882322580734        0000000076e681e50d1cc83dcDistracted Austin     Mo1121042886829040
705paygate transaction                                                             00016829040
82000000060036312864000000000076000000000076001                                121042880000001
5200Moov - paygate m                    001       PPDMoov, Inc 200324200325   1121042880000002
632121042882191759324        000000000234e5b6f1cf14232Distracted Austin     Mo1121042889211556
705paygate transaction                                                             00019211556
632121042882191759324        000000004234e5b6f1cf14232Distracted Austin     Mo1121042889211557
705paygate transaction                                                             00019211557
6271210428821917593249989988A00CCC0000444e5b6f1cf14232Distracted Austin     Mo1121042889AAZZZ8
705paygate transaction                                                             00019211558
82000000060036312864000000000044000000000044001                                121042880000002
9000002000002000000120072625728000000000120000000000120                                       
9999999999999999999999999999999999999999999999999999999999999999999999999999999999999999999999
9999999999999999999999999999999999999999999999999999999999999999999999999999999999999999999999
