101 228591016 1234567892505061342009410148104ccf-d5c9-49cc-a273-aaac7d14cd68          TESTTEST
52202ada48fb-92bc-4882-890e-e39bc1bebc4fCOMPANY   PPDTESTDESC  SD18002505060001540122100000001
62211122233712345678901      0000005521111222333444555BILLY BOB               0228591010000001
62211122233712345678902      0000005522111222333444555TIMMY STU               0228591010000002
82200000020022244466000000000000000000011043COMPANY                            540122100000001
5220f36eb0f2-65f6-4481-bce3-4c1c6e6a586cCOMPANY2  PPDOTHERDESC SD18002505060001540122100000002
62244455566112345678903      0000005521111222333444555CLETUS JONES            0228591010000003
62277788899512345678904      0000005522111222333444555LOTHAR SMITH            0228591010000004
82200000020122244465000000000000000000011043COMPANY2                           540122100000002
90000020000010000000499999999990000000000000000000220868c365fa8-460f-4665-99d0-735ec25e346b   
