101 026009593 02600959323011300000094101Bank Of America        Bank Of America                
5200Bob's Manufactur                    881234567 TELREVERSAL        2301311261026009590000001
6220260095931234             0000685100               Bob's Manufacturing   S 0026009590000001
62702600959311               0000685100               Best Builders           0026009590000002
82000000020005201918000000685100000000685100881234567                          026009590000001
9000001000001000000020005201918000000685100000000685100                                       
9999999999999999999999999999999999999999999999999999999999999999999999999999999999999999999999
9999999999999999999999999999999999999999999999999999999999999999999999999999999999999999999999
9999999999999999999999999999999999999999999999999999999999999999999999999999999999999999999999
9999999999999999999999999999999999999999999999999999999999999999999999999999999999999999999999