101 23138010401210428821906240000A094101Federal Reserve Bank   My Bank Name
5200Name on Account                     121042882 CTXREG.SALARY      190625   1121042880000001
62723138010412345678         0100000000               Receiver Account Name   1111111110000001
705ISA¦00¦          ¦00¦          ¦ZZ¦PAYEXPENSEPAY  ¦ZZ¦PAYAECSUSO     ¦230628¦02100010871559
7059¦U¦00401¦017587397¦0¦P¦^~GS¦RA¦PAYEXPENSEPAY¦PAYAECSUSO¦20230628¦0219¦17587397¦00020871559
705X¦004010~ST¦820¦0069~BPR¦C¦1352.88¦C¦ACH¦CTX¦01¦026009593¦DA¦8765117001¦8201665000030871559
70519¦¦01¦091218445¦DA¦4233388950¦20230629~TRN¦1¦M4986O3TM2¦¦M4986O3TM2~CUR¦PE¦USD¦00040871559
705¦PR¦USD~REF¦BT¦J33QZD22QW~REF¦C2¦PAYEXPENSEPAY_120603391031634~REF¦TN¦¦B33TKE25Q00050871559
705A~REF¦PH¦1~REF¦CA¦01~REF¦VI¦¦/PHON 888-888-8888~REF¦7U¦M4986O3TM2~REF¦8M¦¦B7033D00060871559
7053WU8~REF¦SEK¦¦USUS_TRF_NURG_Y_N_US_CTX__USD~N1¦RB¦M1 FINANCE~N3¦ADDRESS UNKNOWN~00070871559
705N4¦CITY UNKNOWN¦..¦¦US~N1¦PR¦META PLATFORMS INC~N3¦873 CALIFORNIA STREET 19TH FL00080871559
705OOR~N4¦SAN FRANCISCO¦CA¦94104¦US~REF¦2U¦8201665019~N1¦PE¦JO SMITH~N4¦BELLEVUE¦¦900090871559
7058005¦US~N1¦CE¦BO ZHANG~N4¦BELLEVUE¦..¦98005¦US~N1¦DE¦META PLATFORMS INC~N3¦315 M00100871559
705ONTGOMERY STREET 13TH FLOOR~N4¦SAN FRANCISCO¦CA¦94104¦US~ENT¦1~RMR¦IK¦/PHON 888-00110871559
705888-8888 /CONT BO ZH~RMR¦IK¦ANG~SE¦31¦0069~GE¦0001¦17587397~IEA¦0001¦017587397~ 00120871559
82000000120023138010000100000000000000000000121042882                          121042880000001
9000001000001000000010023138010000100000000000000000000
9999999999999999999999999999999999999999999999999999999999999999999999999999999999999999999999
9999999999999999999999999999999999999999999999999999999999999999999999999999999999999999999999
9999999999999999999999999999999999999999999999999999999999999999999999999999999999999999999999
