101 231380104 1210428821901160000A094101Federal Reserve Bank   My Bank Name                   
5225Payee Name                          121042882 POSACH POS         000000   1121042880000001
627231380104744-5678-99      000002500045689033       Wade Arnold           011121042880000001
799R96099912340000015      09101298Authorization Revoked                       000000000000000
82250000020023138010000000025000000000000000121042882                          121042880000001
9000001000001000000020023138010000000025000000000000000                                       
9999999999999999999999999999999999999999999999999999999999999999999999999999999999999999999999
9999999999999999999999999999999999999999999999999999999999999999999999999999999999999999999999
9999999999999999999999999999999999999999999999999999999999999999999999999999999999999999999999
9999999999999999999999999999999999999999999999999999999999999999999999999999999999999999999999