101 231380104 000TESTER1810081639A094101Citadel                Wells Fargo                    
5200Wells Fargo                         121042882 PPDTrans. Des      181008   1121042880000001
62223138010481967038518      0000100000#83738AB#      Steven Tander           0121042880000001
62723138010491987638987      0000100000#83738AB#      Jason Bogo              0121042880000002
82000000020046276020000000100000000000100000121042882                          121042880000001
9000001000001000000020046276020000000100000000000100000                                       
9999999999999999999999999999999999999999999999999999999999999999999999999999999999999999999999
9999999999999999999999999999999999999999999999999999999999999999999999999999999999999999999999
9999999999999999999999999999999999999999999999999999999999999999999999999999999999999999999999
9999999999999999999999999999999999999999999999999999999999999999999999999999999999999999999999
