101 076401251 0764012510807291533A094101achdestname            companyname                    
5225companyname                         origid    RCKREDEPCHECK000003080730   1076401250000001
62705320001912345            0000011500sadf           Bachman Eric          DD0076401251660936
82250000010005320001000000011500000000000000origid                             076401250000001
9000001000001000000010005320001000000011500000000000000                                       