101 092221172 1724443902107221026A094101Fake destination       Fake origin
5200dummy company   PAYROLL             1234567   PPDDIR DEP   072221210702   1092221170000001
6210922211721234567          0000106161xxxxxxx3105    Jane Doe              DD1092221170000001
799R97092221172022300      12330515                                            092221170000001
820000000200092221170000000000000000001061611234567                            092221170000001
9000001000001000000020009222117000000000000000000106161
9999999999999999999999999999999999999999999999999999999999999999999999999999999999999999999999
9999999999999999999999999999999999999999999999999999999999999999999999999999999999999999999999
9999999999999999999999999999999999999999999999999999999999999999999999999999999999999999999999
9999999999999999999999999999999999999999999999999999999999999999999999999999999999999999999999
