101 091400606 6910001341810170306A094101FIRST BANK & TRUST     ASF APPLICATION SUPERVI        
5200CoinLion                            123456789 WEBTRANSFER        000101   1091000010000001
626091400606123456789        0000012354MjMxNDAwMjAtOGQPaul Jones            S 1091000017611242
799R01091400600000001      09100001                                            091000017611242
82000000020009140060000000012354000000000000 123456789                         091000010000001
5200CoinLion                            123456789 WEBTRANSFER        000101   1021000020000002
621091400606867530999999     0000004565NmRjZTJmMzItMGNBob Marley            S 1021000029461242
799R03091400600000003      02100002                                            021000029461242
82000000020009140060000000000000000000004565 123456789                         021000020000002
9000002000001000000040018280120000000012354000000004565                                       