101           2313801041503042207A094101Some Bank              Your Company Inc       A0000001
5220Your Company Inc                    0231380104WEBTrnsNicknaMar 5 150305   0000000000000000
622081000210123456789012345670000003521RAj##23920rjf31John Doe                0000000000000000
6220810002105654221          0000002300RAj##32b1kn1bb3Bob Dole                0000000000000000
6220810002105654221          0000002499RAj##765kn4    Adam Something          0000000000000000
6220810002105654221          0000001000RAj##3j43kj4   James Bond              0000000000000000
822000000400324000840000000000000000000093200231380104                         000000000000000
5220Your Company Inc                    0231380104WEBTrnsNicknaMar 16150316   0000000000000000
6220810002105654221          0000017500RAj##8k765j4k32Luke Skywalker         00000000000000000
822000000100081000210000000000000000000175000231380104                         000000000000000
5225Your Company Inc                    0231380104PPDTrnsNicknaMar 6 150306   0000000000000000
627101000019923698412584     0000015000RAj##765432hj  Jane Doe              000000000000000000
822500000100101000010000000150000000000000000231380104                         000000000000000
9000003000002000000060050600106000000015000000000026820                                       
9999999999999999999999999999999999999999999999999999999999999999999999999999999999999999999999
9999999999999999999999999999999999999999999999999999999999999999999999999999999999999999999999
9999999999999999999999999999999999999999999999999999999999999999999999999999999999999999999999
9999999999999999999999999999999999999999999999999999999999999999999999999999999999999999999999
9999999999999999999999999999999999999999999999999999999999999999999999999999999999999999999999
9999999999999999999999999999999999999999999999999999999999999999999999999999999999999999999999
