101 061036000 1234567802510161300A094101TREASURY GENERAL ACCOUNACME BANK                      
5220ACME CORP                           1123456789CCDTAXPAYMENT  251016       1123456780000001
62206103600023401009         0000012345123456789      IRS                     1123456780000001
705TXP*123456789*941*250901*941*12345*1*1000*2*500***VER\                          00010000001
8220000002000610360000000000000000000001234511234567891                        123456780000001
9000001000001000000020006103600000000000000000000012345
9999999999999999999999999999999999999999999999999999999999999999999999999999999999999999999999
9999999999999999999999999999999999999999999999999999999999999999999999999999999999999999999999
9999999999999999999999999999999999999999999999999999999999999999999999999999999999999999999999
9999999999999999999999999999999999999999999999999999999999999999999999999999999999999999999999
