101 23138010401210428821906240000A094101Federal Reserve Bank   My Bank Name                   
5225Name on Account                     121042882 CCD+TXP.TAXPAYMENT  190625   1121042880000001
62723138010412345678         0100000000TAXPAYER123*2023Q4*IRS*FEDERAL Receiver Account Name   1121042880000001
705TXP*123456789*FEDERAL*20231231*TAX2023Q4*500000*****VERIFIED\                                   00010000001
705TXP*987654321*STATE*20231231*CA2023Q4*250000*****VERIFIED\                                   00020000001
82250000020023138010000200000000000000000000121042882                          121042880000001
9000001000001000000020023138010000200000000000000000000                                       
9999999999999999999999999999999999999999999999999999999999999999999999999999999999999999999999
9999999999999999999999999999999999999999999999999999999999999999999999999999999999999999999999
9999999999999999999999999999999999999999999999999999999999999999999999999999999999999999999999
9999999999999999999999999999999999999999999999999999999999999999999999999999999999999999999999