101 061036000 1234567802510161300A094101TREASURY GENERAL ACCOUNACME BANK                      
5220ACME CORP                           1123456789CCDTax Paymen      251016   1123456780000001
62206103600023401009         0000012345123456789      IRS                     1123456780000001
705TXP*123456789*941*250901*941*0000012345\                                        00010000001
822000000200061036000000000000000000000123451123456789                         123456780000001
9000001000001000000020006103600000000000000000000012345                                       
9999999999999999999999999999999999999999999999999999999999999999999999999999999999999999999999
9999999999999999999999999999999999999999999999999999999999999999999999999999999999999999999999
9999999999999999999999999999999999999999999999999999999999999999999999999999999999999999999999
9999999999999999999999999999999999999999999999999999999999999999999999999999999999999999999999
