101 061036000 1234567802510161300B094101TREASURY GENERAL ACCOUNACME BANK                      
5225ACME CORP                           1123456789CCDTax Debit       251016   1123456780000001
62706103600023401009         0000012345123456789      IRS                     1123456780000001
705TXP*123456789*941*250901*941*0000012345\                                        00010000001
822500000200061036000000000123450000000000001123456789                         123456780000001
9000001000001000000020006103600000000012345000000000000                                       
9999999999999999999999999999999999999999999999999999999999999999999999999999999999999999999999
9999999999999999999999999999999999999999999999999999999999999999999999999999999999999999999999
9999999999999999999999999999999999999999999999999999999999999999999999999999999999999999999999
9999999999999999999999999999999999999999999999999999999999999999999999999999999999999999999999
