101 231380104 1210428821901160000A094101Federal Reserve Bank   My Bank Name                   
5220Your Company, in                    121042882 CORVendor Pay      000000   1121042880000001
621231380104744-5678-99      0000000000location #23   Best Co. #23          S 1121042880000001
798C92000000000012345      091012981918171614                                  091012980000088
82200000020023138010000000000000000000000000121042882                          121042880000001
9000001000001000000020023138010000000000000000000000000                                       
9999999999999999999999999999999999999999999999999999999999999999999999999999999999999999999999
9999999999999999999999999999999999999999999999999999999999999999999999999999999999999999999999
9999999999999999999999999999999999999999999999999999999999999999999999999999999999999999999999
9999999999999999999999999999999999999999999999999999999999999999999999999999999999999999999999