101 031300012 2313801041503042207A094101Some Bank              Your Company Inc       A0000001
5220Your Company Inc                    0231380104WEBTrnsNicknaMar 5 150305   1081000030000001
622081000210123456789012345670000003521RAj##23920rjf31John Doe               S0081000030000000
6220810002105654221          0000002300RAj##32b1kn1bb3Bob Dole               S0081000030000001
6220810002105654221          0000002499RAj##765kn4    Adam Something         S0081000030000002
6220810002105654221          0000001000RAj##3j43kj4   James Bond             S0081000030000003
822000000400324000840000000000000000000093200231380104                         081000030000001
5220Your Company Inc                    0231380104WEBTrnsNicknaMar 16150316   1081000030000002
6220810002105654221          0000017500RAj##8k765j4k32Luke Skywalker         S0081000030000004
822000000100081000210000000000000000000175000231380104                         081000030000002
5225Your Company Inc                    0231380104PPDTrnsNicknaMar 6 150306   1081000030000003
627101000019923698412584     0000015000RAj##765432hj  Jane Doe              A10081000030000005
822500000100101000010000000150000000000000000231380104                         081000030000003
9000003000002000000060050600106000000015000000000026820                                       
9999999999999999999999999999999999999999999999999999999999999999999999999999999999999999999999
9999999999999999999999999999999999999999999999999999999999999999999999999999999999999999999999
9999999999999999999999999999999999999999999999999999999999999999999999999999999999999999999999
9999999999999999999999999999999999999999999999999999999999999999999999999999999999999999999999
9999999999999999999999999999999999999999999999999999999999999999999999999999999999999999999999
9999999999999999999999999999999999999999999999999999999999999999999999999999999999999999999999