101 051000017 0110000152506300709A094101FED Reserve2           My Institution2                
5200Puppy Daycare                       9999999999CCDPrenote         0000000001062000010000004
6220620000199999999999       0000000001               aaaa aaaaaa             0062000010000001
820000000100062000010000000000000000000000019999999999                         062000010000004
9000002000001000000010006200001000000000000000000000001                                       
9999999999999999999999999999999999999999999999999999999999999999999999999999999999999999999999
9999999999999999999999999999999999999999999999999999999999999999999999999999999999999999999999
9999999999999999999999999999999999999999999999999999999999999999999999999999999999999999999999
9999999999999999999999999999999999999999999999999999999999999999999999999999999999999999999999
