101 231380104 1210428821806200000A094101Federal Reserve Bank   My Bank Name                   
5220Name on Account                     121042882 CIEPayment         180621   1121042880000001
62223138010412345678         0100000000               Receiver Account Name 011121042880000001
705Credit Store Account                                                            00010000001
82200000020023138010000000000000000100000000121042882                          121042880000001
9000001000001000000020023138010000000000000000100000000                                       
9999999999999999999999999999999999999999999999999999999999999999999999999999999999999999999999
9999999999999999999999999999999999999999999999999999999999999999999999999999999999999999999999
9999999999999999999999999999999999999999999999999999999999999999999999999999999999999999999999
9999999999999999999999999999999999999999999999999999999999999999999999999999999999999999999999