101 231380104 1210428821811140000A094101Federal Reserve Bank   My Bank Name                   
5225Payee Name                          121042882 TRCACH TRC         181115   1121042880000001
62723138010412345678         0000250000123879654      CHECK1182726          010121042880000001
82250000010023138010000000250000000000000000121042882                          121042880000001
9000001000001000000010023138010000000250000000000000000                                       
9999999999999999999999999999999999999999999999999999999999999999999999999999999999999999999999
9999999999999999999999999999999999999999999999999999999999999999999999999999999999999999999999
9999999999999999999999999999999999999999999999999999999999999999999999999999999999999999999999
9999999999999999999999999999999999999999999999999999999999999999999999999999999999999999999999
9999999999999999999999999999999999999999999999999999999999999999999999999999999999999999999999