101 071000301 2739763692105051229A094101FRBATLANTA                 ODFI CU                    
5200MOOV FINANCIAL                      ISSUE927  CCDFUNDING   210505210506   1273976360000001
627073902766YYYYYYYYYYY      0000200000               ISSUE927 LLC          Ap0273976367998099
632273976369XXXXXXXXXXX      0000200000               MOOV FINANCIAL        OF0273976367998100
82000000020034787912000000200000000000200000ISSUE927                           273976360000001
9000001000001000000020034787912000000200000000000200000                                       
9999999999999999999999999999999999999999999999999999999999999999999999999999999999999999999999
9999999999999999999999999999999999999999999999999999999999999999999999999999999999999999999999
9999999999999999999999999999999999999999999999999999999999999999999999999999999999999999999999
9999999999999999999999999999999999999999999999999999999999999999999999999999999999999999999999
