101 071000301 2739763692105051225A094101FRBATLANTA                 ODFI CU                    
5200MOOV FINANCIAL                      ISSUE927  CCDFUNDING   210505210506   1273976360000001
627073902766YYYYYYYYYY       0000007900               ISSUE927 LLC          Ap0273976361975007
632273976369XXXXXXXXXXX      0000007900               MOOV FINANCIAL        OF0273976361975008
82000000020034787912000000007900000000007900ISSUE927                           273976360000001
9000001000001000000020034787912000000007900000000007900                                       
9999999999999999999999999999999999999999999999999999999999999999999999999999999999999999999999
9999999999999999999999999999999999999999999999999999999999999999999999999999999999999999999999
9999999999999999999999999999999999999999999999999999999999999999999999999999999999999999999999
9999999999999999999999999999999999999999999999999999999999999999999999999999999999999999999999
