101 071000301 2739763692105051312A094101FRBATLANTA                 ODFI CU                    
5200MOOV FINANCIAL                      ISSUE927  CCDFUNDING   210505210506   1273976360000001
627073902766YYYYYYYYYY       0000015800               ISSUE927 LLC          Ap0273976368549829
632273976369XXXXXXXXXXX      0000015800               MOOV FINANCIAL        OF0273976368549830
82000000020034787912000000015800000000015800ISSUE927                           273976360000001
9000001000001000000020034787912000000015800000000015800                                       
9999999999999999999999999999999999999999999999999999999999999999999999999999999999999999999999
9999999999999999999999999999999999999999999999999999999999999999999999999999999999999999999999
9999999999999999999999999999999999999999999999999999999999999999999999999999999999999999999999
9999999999999999999999999999999999999999999999999999999999999999999999999999999999999999999999
