101 071000301 2739763692105051315A094101FRBATLANTA                 ODFI CU                    
5200MOOV FINANCIAL                      ISSUE927  CCDFUNDING   210505210506   1273976360000001
627073902766YYYYYYYYYYY      0000342400               ISSUE927 LLC          Ap0273976364891931
632273976369XXXXXXXXXXX      0000342400               MOOV FINANCIAL        OF0273976364891932
82000000020034787912000000342400000000342400ISSUE927                           273976360000001
9000001000001000000020034787912000000342400000000342400                                       
9999999999999999999999999999999999999999999999999999999999999999999999999999999999999999999999
9999999999999999999999999999999999999999999999999999999999999999999999999999999999999999999999
9999999999999999999999999999999999999999999999999999999999999999999999999999999999999999999999
9999999999999999999999999999999999999999999999999999999999999999999999999999999999999999999999
