101 071000301 2739763692105051255A094101FRBATLANTA                 ODFI CU                    
5200MOOV FINANCIAL                      ISSUE927  CCDFUNDING   210505210506   1273976360000001
627073902766YYYYYYYYYY       0000250000               ISSUE927 LLC          Ap0273976366639555
632273976369XXXXXXXXXXX      0000250000               MOOV FINANCIAL        OF0273976366639556
82000000020034787912000000250000000000250000ISSUE927                           273976360000001
9000001000001000000020034787912000000250000000000250000                                       
9999999999999999999999999999999999999999999999999999999999999999999999999999999999999999999999
9999999999999999999999999999999999999999999999999999999999999999999999999999999999999999999999
9999999999999999999999999999999999999999999999999999999999999999999999999999999999999999999999
9999999999999999999999999999999999999999999999999999999999999999999999999999999999999999999999
