101 071000301 2739763692105051309A094101FRBATLANTA                 ODFI CU                    
5200MOOV FINANCIAL                      ISSUE927  CCDFUNDING   210505210506   1273976360000001
627073902766YYYYYYYYYYY      0000029500               ISSUE927 LLC          Ap0273976361975007
632273976369XXXXXXXXXXX      0000029500               MOOV FINANCIAL        OF0273976361975008
82000000020034787912000000029500000000029500ISSUE927                           273976360000001
9000001000001000000020034787912000000029500000000029500                                       
9999999999999999999999999999999999999999999999999999999999999999999999999999999999999999999999
9999999999999999999999999999999999999999999999999999999999999999999999999999999999999999999999
9999999999999999999999999999999999999999999999999999999999999999999999999999999999999999999999
9999999999999999999999999999999999999999999999999999999999999999999999999999999999999999999999
