101 031300012 2313801041811260000A094101Federal Reserve Bank   My Bank Name                   
5225Name on Account                     231380104 ENRAUTOENROLL               1231380100000001
627031300012744-5678-99      0000000000031300010000001Best. #1                1231380100000001
70522*12200004*3*123987654321*777777777*DOE*JOHN*1\                                00010000001
82250000020003130001000000000000000000000000231380104                          231380100000001
9000001000001000000020003130001000000000000000000000000                                       
9999999999999999999999999999999999999999999999999999999999999999999999999999999999999999999999
9999999999999999999999999999999999999999999999999999999999999999999999999999999999999999999999
9999999999999999999999999999999999999999999999999999999999999999999999999999999999999999999999
9999999999999999999999999999999999999999999999999999999999999999999999999999999999999999999999
