101 031300012 2313801041812180000A094101Federal Reserve Bank   My Bank Name                   
5225Merchant with AT                    231380104 MTECASH WITHD      181219   1231380100000001
627031300012744-5678-99      0000010000031300010000001JANE DOE                1231380100000001
702          2005091234561224      321 East Market Street     ANYTOWN        VA231380100000001
82250000020003130001000000010000000000000000231380104                          231380100000001
9000001000001000000020003130001000000010000000000000000                                       
9999999999999999999999999999999999999999999999999999999999999999999999999999999999999999999999
9999999999999999999999999999999999999999999999999999999999999999999999999999999999999999999999
9999999999999999999999999999999999999999999999999999999999999999999999999999999999999999999999
9999999999999999999999999999999999999999999999999999999999999999999999999999999999999999999999
