101 031300012 2313801041811020000A094101Federal Reserve Bank   My Bank Name                   
5220Name on Account                     231380104 DNEDeath           181103   2231380100000001
621031300012744-5678-99      0000000000031300010000001Best. #1                1231380100000001
705    DATE OF DEATH*010218*CUSTOMERSSN*#########*AMOUNT*$$$$.cc\                  00010000001
82200000020003130001000000000000000000000000231380104                          231380100000001
9000001000001000000020003130001000000000000000000000000                                       
9999999999999999999999999999999999999999999999999999999999999999999999999999999999999999999999
9999999999999999999999999999999999999999999999999999999999999999999999999999999999999999999999
9999999999999999999999999999999999999999999999999999999999999999999999999999999999999999999999
9999999999999999999999999999999999999999999999999999999999999999999999999999999999999999999999
