101 231380104 1210428822102251048A094101Federal Reserve Bank   My Bank Name                   
5220Your Company, in                    121042882 CORVendor Pay      210412   1121042880000001
621231380104744-5678-99      0000000000location #23   Best Co. #23            1121042880000001
798C01121042880000001      121042881918171614                                  091012980000088
82200000020023138010000000000000000000000000121042882                          121042880000001
9000001000001000000020023138010000000000000000000000000                                       
9999999999999999999999999999999999999999999999999999999999999999999999999999999999999999999999
9999999999999999999999999999999999999999999999999999999999999999999999999999999999999999999999
9999999999999999999999999999999999999999999999999999999999999999999999999999999999999999999999
9999999999999999999999999999999999999999999999999999999999999999999999999999999999999999999999
