101 011600062N8332197762105182246A094101SAMPLE BANK TWO        KRAB PAYROLL SERVICES  00000000
5200Apple           900      *10692422681833219778PPDNET=PAY   240425240425   1011600060000001
62207590057544442280852      0000444400011600060000001Kyle Prince             0011600060000001
62207590057544442280852      0000012345011600060000002Michael Moyer           0011600060000002
62207590057544442280852      0000434354011600060000003Tracy Delgado           0011600060000003
6270114015331111222233330000 0000891099011600060000004Apple                   0011600060000004
820000000400239103240000008910990000008910991833219778                         011600060000001
5200Key-Morse       900      *10692422681833219778PPDNET=PAY   240425240425   1011600060000002
62207590057544442280852      0000002094011600060000005Laura Cruz              0011600060000005
62205300021944449593224      0000001604011600060000006Jillian Clayton         0011600060000006
62205300021944449593224      0010766499011600060000007Brian Waters            0011600060000007
627018042652121889252        0010770197011600068000008Key-Morse               0011600060000008
820000000400199943640000107701970000107701971833219778                         011600060000002
5200Rubio Baldwin   900      *10692422681833219778PPDNET=PAY   240425240425   1011600060000003
6220710000134444911717       0000008617011600060000009Stephanie Flowers       0011600060000009
6220710000134444911717       0000006483011600060000010Catherine Martin        0011600060000010
6220710000134444911717       0000004566011600060000011Jason Lewis             0011600060000011
62704210119044444383427      0000019666011600068000012Rubio Baldwin           0011600060000012
820000000400255101220000000196660000000196661833219778                         011600060000003
5200PRENOTES        900      *10692422681833219778PPDNET=PAY   240425240425   1011600060000004
623021000021986171749        0000000000011600060000013Blake Webb              0011600060000013
623021000021986171748        0000000000011600060000014Kayla Rodriguez         0011600060000014
633021000021011600060000015  0000000000287            Julie Decker            0011600060000015
820000000300063000060000000000000000000000001833219778                         011600060000004
5200Lopez-Robinson  900      *10692422681833219778PPDNET=PAY   240425240425   1011600060000005
6221243031204444379179753    0000070690011600060000016Robin Fleming           0011600060000016
622124303120444459015        0000955239011600060000017Christine Keith         0011600060000017
6273211752614444389          0001025929011600068000018Lopez-Robinson          0011600060000018
820000000300569781500000010259290000010259291833219778                         011600060000005
