101 231380104 1210428821806140000A094101Federal Reserve Bank   My Bank Name                   
5225Name on Account                     121042882 POSREG.SALARY      180615   1121042880000001
62723138010412345678         0100000000               Receiver Account Name 011121042880000001
702REFONEAREFTERM021000490614123456Target Store 0049          PHILADELPHIA   PA121042880000001
82250000020023138010000100000000000000000000121042882                          121042880000001
9000001000001000000020023138010000100000000000000000000                                       
9999999999999999999999999999999999999999999999999999999999999999999999999999999999999999999999
9999999999999999999999999999999999999999999999999999999999999999999999999999999999999999999999
9999999999999999999999999999999999999999999999999999999999999999999999999999999999999999999999
9999999999999999999999999999999999999999999999999999999999999999999999999999999999999999999999