101 231380104 0313000121811260000A094101Federal Reserve Bank   My Bank Name                   
5225Name on Account                     031300012 CCDVndr Pay        181127   1031300010000001
627231380104744-5678-99      0000500000location #1    Best Co. #1           S 0031300010000001
627231380104744-5678-99      0000000125Fee #1         Best Co. #1           S 0031300010000002
82250000020046276020000000500125000000000000031300012                          031300010000001
9000001000001000000020046276020000000500125000000000000                                       
9999999999999999999999999999999999999999999999999999999999999999999999999999999999999999999999
9999999999999999999999999999999999999999999999999999999999999999999999999999999999999999999999
9999999999999999999999999999999999999999999999999999999999999999999999999999999999999999999999
9999999999999999999999999999999999999999999999999999999999999999999999999999999999999999999999