101 051000017 01100001525041810089094101FED Reserve2           My Institution2                
5200JH ACH Demo                         123456789 CCDRent Due        2504181081999999980000001
622999999989000000009898981  0000004812               MIRAI 2                 0999999980000005
647101000019511100           0000004812               Platform Bank           1999999980000006
705Main Street Branch April 2025 Rent Payment                                      00010000006
82000000030110099999000000004812000000004812123456789                          999999980000001
5200JH ACH Demo                         123456789 TELPayment         2504181081999999980000002
627999999989000000009898981  0000001313                                       0999999980000007
647101000019555500           0000001313                                       0999999980000008
82000000020110099999000000002626000000000000123456789                          999999980000002
9000002000002000000050220199998000000007438000000004812                                       
9999999999999999999999999999999999999999999999999999999999999999999999999999999999999999999999
9999999999999999999999999999999999999999999999999999999999999999999999999999999999999999999999
9999999999999999999999999999999999999999999999999999999999999999999999999999999999999999999999
9999999999999999999999999999999999999999999999999999999999999999999999999999999999999999999999
9999999999999999999999999999999999999999999999999999999999999999999999999999999999999999999999
9999999999999999999999999999999999999999999999999999999999999999999999999999999999999999999999
9999999999999999999999999999999999999999999999999999999999999999999999999999999999999999999999
9999999999999999999999999999999999999999999999999999999999999999999999999999999999999999999999
9999999999999999999999999999999999999999999999999999999999999999999999999999999999999999999999
