101 03130001202313801041908161055A094101Federal Reserve Bank   My Bank Name           12345678
5225Name on Account                     231380104 CCDVndr Pay        190816   1031300010000001
627231380104744-5678-99      0000500000location1234567Best Co. #123456789012S 0031300010000001
627231380104744-5678-99      0000000125Fee123456789012Best Co. #123456789012S 0031300010000002
82250000020046276020000000500125000000000000231380104                          031300010000001
9000001000001000000020046276020000000500125000000000000                                       
9999999999999999999999999999999999999999999999999999999999999999999999999999999999999999999999
9999999999999999999999999999999999999999999999999999999999999999999999999999999999999999999999
9999999999999999999999999999999999999999999999999999999999999999999999999999999999999999999999
9999999999999999999999999999999999999999999999999999999999999999999999999999999999999999999999