101 031300012 2313801041908161055A094101Federal Reserve Bank   My Bank Name           12345678
5220Name on Account                     231380104 CIEPayment         190816   1121042880000001
62223138010412345678         0100000000Receiver Account Name                011121042880000001
705Credit Store Account                                                            00010000001
82200000020023138010000000000000000100000000231380104                          121042880000001
9000001000001000000020023138010000000000000000100000000
9999999999999999999999999999999999999999999999999999999999999999999999999999999999999999999999
9999999999999999999999999999999999999999999999999999999999999999999999999999999999999999999999
9999999999999999999999999999999999999999999999999999999999999999999999999999999999999999999999
9999999999999999999999999999999999999999999999999999999999999999999999999999999999999999999999
