101 231380104 1210428822208172357A094101Federal Reserve Bank   My Bank Name                   
5220ACME Corporation                    121042882 PPDPAYROLL         000000   1121042880000001
622121042882123456789        0100000000ABC##jvkdjfuiwnWade Arnold             1121042880000001
799R07099912340000015      09101298Authorization Revoked                       000000000000000
799R68059999990000301      12391871   12391871000000117901Untimely Return      059999990000001
799R71059999990000301000167123918711647799999900003011650188999999000030116667 123918710000001
82200000040012104288000000000000000100000000121042882                          121042880000001
9000001000001000000040012104288000000000000000100000000                                       
9999999999999999999999999999999999999999999999999999999999999999999999999999999999999999999999
9999999999999999999999999999999999999999999999999999999999999999999999999999999999999999999999
