101 231380104 1210428822208172357A094101Federal Reserve Bank   My Bank Name                   
5225Payee Name                          231380104 POSACH POS         000000   1231380100000001
627121042882744-5678-99      000002500045689033       Wade Arnold           011231380100000001
799R68059999990000301      12391871   12391871000000117901Untimely Return      059999990000001
627121042882744-5678-99      000002300045689033       Adam Decaf            011231380100000002
799R68059999990000301      12391871   12391871000000117901Untimely Return      059999990000001
82250000040024208576000000048000000000000000231380104                          231380100000001
9000001000001000000040024208576000000048000000000000000                                       
9999999999999999999999999999999999999999999999999999999999999999999999999999999999999999999999
9999999999999999999999999999999999999999999999999999999999999999999999999999999999999999999999
