101 03130001202313801041908161055A094101Federal Reserve Bank   My Bank Name           12345678
5225Originator                          231380104 POPACH POP         190816   1121042880000001
62723138010412345678         0000250500123456789PHILPAWade Arnold             0121042880000001
82250000010023138010000000250500000000000000231380104                          121042880000001
9000001000001000000010023138010000000250500000000000000                                       
9999999999999999999999999999999999999999999999999999999999999999999999999999999999999999999999
9999999999999999999999999999999999999999999999999999999999999999999999999999999999999999999999
9999999999999999999999999999999999999999999999999999999999999999999999999999999999999999999999
9999999999999999999999999999999999999999999999999999999999999999999999999999999999999999999999
9999999999999999999999999999999999999999999999999999999999999999999999999999999999999999999999