101 03130001202313801041908161055A094101Federal Reserve Bank   My Bank Name           12345678
5220Name on Account                     231380104 PPDREG.SALARY      190816   1121042880000001
622231380104987654321        0100000000               Credit Account 1        0121042880000002
82200000010023138010000000000000000100000000231380104                          121042880000001
9000001000001000000010023138010000000000000000100000000                                       
9999999999999999999999999999999999999999999999999999999999999999999999999999999999999999999999
9999999999999999999999999999999999999999999999999999999999999999999999999999999999999999999999
9999999999999999999999999999999999999999999999999999999999999999999999999999999999999999999999
9999999999999999999999999999999999999999999999999999999999999999999999999999999999999999999999
9999999999999999999999999999999999999999999999999999999999999999999999999999999999999999999999