101 23138010401210428821907181055A094101Federal Reserve Bank   My Bank Name                   
5200Name on Account                     121042882 PPDREG.SALARY      190719   1121042880000001
627231380104123456789        0200000000               Debit Account           0121042880000001
622231380104987654321        0100000000               Credit Account 1        0121042880000002
622231380104837098765        0100000000               Credit Account 2        0121042880000003
82000000030069414030000200000000000200000000121042882                          121042880000001
9000001000001000000030069414030000200000000000200000000                                       
9999999999999999999999999999999999999999999999999999999999999999999999999999999999999999999999
9999999999999999999999999999999999999999999999999999999999999999999999999999999999999999999999
9999999999999999999999999999999999999999999999999999999999999999999999999999999999999999999999