101 23138010401210428821907191341A094101Federal Reserve Bank   My Bank Name                   
5220Name on Account                     121042882 PPDREG.SALARY      190719   1121042880000001
622231380104987654321        0100000000               Credit Account 1        0121042880000001
622231380104837098765        0100000000               Credit Account 2        0121042880000002
82200000020046276020000000000000000200000000121042882                          121042880000001
9000001000001000000020046276020000000000000000200000000                                       
9999999999999999999999999999999999999999999999999999999999999999999999999999999999999999999999
9999999999999999999999999999999999999999999999999999999999999999999999999999999999999999999999
9999999999999999999999999999999999999999999999999999999999999999999999999999999999999999999999
9999999999999999999999999999999999999999999999999999999999999999999999999999999999999999999999