101 23138010401210428821907191341A094101Federal Reserve Bank   My Bank Name                   
5225Name on Account                     121042882 PPDREG.SALARY      190719   1121042880000001
627231380104123456789        0200000000               Debit Account           0121042880000001
82250000010023138010000200000000000000000000121042882                          121042880000001
9000001000001000000010023138010000200000000000000000000                                       
9999999999999999999999999999999999999999999999999999999999999999999999999999999999999999999999
9999999999999999999999999999999999999999999999999999999999999999999999999999999999999999999999
9999999999999999999999999999999999999999999999999999999999999999999999999999999999999999999999
9999999999999999999999999999999999999999999999999999999999999999999999999999999999999999999999
9999999999999999999999999999999999999999999999999999999999999999999999999999999999999999999999