101 23138010401210428821908161111A094101Federal Reserve Bank   My Bank Name                   
5225Name on Account                     121042882 SHRPayment         190823   1121042880000001
62723138010412345678         01000000000722123456789100001234567891123456789011121042880000001
702REFONEAREFTERM021000490614123456Target Store 0049          PHILADELPHIA   PA121042880000001
82250000020023138010000100000000000000000000121042882                          121042880000001
9000001000001000000020023138010000100000000000000000000                                       
9999999999999999999999999999999999999999999999999999999999999999999999999999999999999999999999
9999999999999999999999999999999999999999999999999999999999999999999999999999999999999999999999
9999999999999999999999999999999999999999999999999999999999999999999999999999999999999999999999
9999999999999999999999999999999999999999999999999999999999999999999999999999999999999999999999