101 03130001202313801041908161055A094101Federal Reserve Bank   My Bank Name           12345678
5225Name on Account                     231380104 TRXACH TRX         190816   1121042880000001
62723138010412345678         000025000045689033       0002Receiver Company  011121042880000001
705Debit First Account                                                             00010000001
705Debit Second Account                                                            00020000001
82250000030023138010000000250000000000000000231380104                          121042880000001
9000001000001000000030023138010000000250000000000000000                                       
9999999999999999999999999999999999999999999999999999999999999999999999999999999999999999999999
9999999999999999999999999999999999999999999999999999999999999999999999999999999999999999999999
9999999999999999999999999999999999999999999999999999999999999999999999999999999999999999999999