101 03130001202313801041908161055A094101Federal Reserve Bank   My Bank Name           12345678
5220Name on Account                     231380104 WEBSubscribe       190816   1121042880000001
62223138010412345678         0000010000#789654        John Doe              S 1121042880000001
705PAY-GATE payment\                                                               00010000001
82200000020023138010000000000000000000010000231380104                          121042880000001
9000001000001000000020023138010000000000000000000010000                                       
9999999999999999999999999999999999999999999999999999999999999999999999999999999999999999999999
9999999999999999999999999999999999999999999999999999999999999999999999999999999999999999999999
9999999999999999999999999999999999999999999999999999999999999999999999999999999999999999999999
9999999999999999999999999999999999999999999999999999999999999999999999999999999999999999999999